
@inproceedings{neller2013introduction,
  title={An introduction to counterfactual regret minimization},
  author={Neller, Todd W and Lanctot, Marc},
  booktitle={Proceedings of Model AI Assignments, The Fourth Symposium on Educational Advances in Artificial Intelligence (EAAI-2013)},
  volume={11},
  year={2013}
}

@article{burch2012efficient,
  title={Efficient Monte Carlo counterfactual regret minimization in games with many player actions},
  author={Burch, Neil and Lanctot, Marc and Szafron, Duane and Gibson, Richard},
  journal={Advances in Neural Information Processing Systems},
  volume={25},
  pages={1880--1888},
  year={2012}
}


@article{moravcik17_deeps,
  author =		 {Matej Morav{\v{c}}{\'i}k and Martin Schmid and Neil
                  Burch and Viliam Lis{\'y} and Dustin Morrill and
                  Nolan Bard and Trevor Davis and Kevin Waugh and
                  Michael Johanson and Michael Bowling},
  title =		 {Deepstack: Expert-Level Artificial Intelligence in
                  Heads-Up No-Limit Poker},
  journal =		 {Science},
  volume =		 356,
  number =		 6337,
  pages =		 {508-513},
  year =		 2017,
  doi =			 {10.1126/science.aam6960},
  url =			 {https://doi.org/10.1126/science.aam6960},
  DATE_ADDED =	 {Sun Jan 10 19:07:03 2021},
}

